% Add your bib entries here
